% $Description: the book's bibliography $


--- articles --------------------------------------------------------------

@article{,
  author    = {},
  title     = {},
  journal   = {},
  year      = {},
  volume    = {},
  number    = {},
  pages     = {},
  publisher = {},
}


--- books -----------------------------------------------------------------

@book{,
  author    = {},
  title     = {},
  publisher = {},
  address   = {},
  year      = {},
}


--- book chapters ---------------------------------------------------------

@inbook{,
  author    = {},
  chapter   = {},
  editor    = {},
  title     = {},
  series    = {},
  volume    = {},
  pages     = {},
  publisher = {},
  year      = {},
}


--- proceedings -----------------------------------------------------------

@inproceedings{,
  author    = {},
  title     = {},
  year      = {},
  note      = {},
  crossref  = {},
}
@proceedings{,
  editor    = {},
  booktitle = {},
  address   = {},
  year      = {},
}


--- miscellaneous ---------------------------------------------------------

@misc{,
  author = {},
  title  = {},
  month  = {},
  year   = {},
  note   = {},
}


--- technical reports -----------------------------------------------------

@techreport{,
  author      = {},
  title       = {},
  number      = {},
  institution = {},
  year        = {},
  month       = {},
}


--- PhD theses ------------------------------------------------------------


@phdthesis{,
  author  = {},
  title   = {},
  school  = {},
  address = {},
  year    = {},
  note    = {},
}
